
@article{zhou2015c,
  title={A C-LSTM neural network for text classification},
  author={Zhou, Chunting and Sun, Chonglin and Liu, Zhiyuan and Lau, Francis},
  journal={arXiv preprint arXiv:1511.08630},
  year={2015}
}

@article{w2v,
  title={Efficient estimation of word representations in vector space},
  author={Mikolov, Tomas and Chen, Kai and Corrado, Greg and Dean, Jeffrey},
  journal={arXiv preprint arXiv:1301.3781},
  year={2013}
}

@article{universal2018,
  title={Universal sentence encoder},
  author={Cer, Daniel and Yang, Yinfei and Kong, Sheng-yi and Hua, Nan and Limtiaco, Nicole and John, Rhomni St and Constant, Noah and Guajardo-Cespedes, Mario and Yuan, Steve and Tar, Chris and others},
  journal={arXiv preprint arXiv:1803.11175},
  year={2018}
}

@article{gru2014,
  title={On the properties of neural machine translation: Encoder-decoder approaches},
  author={Cho, Kyunghyun and Van Merri{\"e}nboer, Bart and Bahdanau, Dzmitry and Bengio, Yoshua},
  journal={arXiv preprint arXiv:1409.1259},
  year={2014}
}

@article{cnn_rnn_comparative2017,
  title={Comparative study of cnn and rnn for natural language processing},
  author={Yin, Wenpeng and Kann, Katharina and Yu, Mo and Sch{\"u}tze, Hinrich},
  journal={arXiv preprint arXiv:1702.01923},
  year={2017}
}

@inproceedings{tubiblio97941,
          author = {Markus Zopf and Maxime Peyrard and Judith Eckle-Kohler},
           title = {The Next Step for Multi-Document Summarization: A Heterogeneous Multi-Genre Corpus Built with a Novel Construction Approach},
       booktitle = {Proceedings of the 26th International Conference on Computational Linguistics},
           pages = {1535---1545},
            year = {2016},
           month = {December},
             url = {http://tubiblio.ulb.tu-darmstadt.de/97941/},
        keywords = {UKP\_reviewed}
}

@inproceedings{Carbonell:1998:UMD:290941.291025,
 author = {Carbonell, Jaime and Goldstein, Jade},
 title = {The Use of MMR, Diversity-based Reranking for Reordering Documents and Producing Summaries},
 booktitle = {Proceedings of the 21st Annual International ACM SIGIR Conference on Research and Development in Information Retrieval},
 series = {SIGIR '98},
 year = {1998},
 isbn = {1-58113-015-5},
 location = {Melbourne, Australia},
 pages = {335--336},
 numpages = {2},
 url = {http://doi.acm.org/10.1145/290941.291025},
 doi = {10.1145/290941.291025},
 acmid = {291025},
 publisher = {ACM},
 address = {New York, NY, USA},
} 

@inproceedings{Lin:2011:CSF:2002472.2002537,
 author = {Lin, Hui and Bilmes, Jeff},
 title = {A Class of Submodular Functions for Document Summarization},
 booktitle = {Proceedings of the 49th Annual Meeting of the Association for Computational Linguistics: Human Language Technologies - Volume 1},
 series = {HLT '11},
 year = {2011},
 isbn = {978-1-932432-87-9},
 location = {Portland, Oregon},
 pages = {510--520},
 numpages = {11},
 url = {http://dl.acm.org/citation.cfm?id=2002472.2002537},
 acmid = {2002537},
 publisher = {Association for Computational Linguistics},
 address = {Stroudsburg, PA, USA},
} 
